<?xml version="1.0" encoding="UTF-8"?><collection xmlns="http://www.loc.gov/MARC21/slim"><record><leader>00441nam--2200133-i-4500</leader><controlfield tag="001">000041299</controlfield><controlfield tag="002">20161230</controlfield><controlfield tag="005">20161230201043</controlfield><controlfield tag="008">060222s1000------------r-----000-0-eng-d</controlfield><datafield ind1=" " ind2=" " tag="080"><subfield code="a">543(043)</subfield></datafield><datafield ind1=" " ind2=" " tag="100"><subfield code="a">Servagee,Raymaond</subfield></datafield><datafield ind1=" " ind2=" " tag="245"><subfield code="a">Etude du comportament des memsbranes echangeuses d`ions du type polystyrene-sulfonate en presence de differents cations. these</subfield></datafield><datafield ind1=" " ind2=" " tag="260"><subfield code="a">Grenoble, Univ.Scientifique Et Medicale, 1973. 79 P</subfield></datafield><datafield ind1=" " ind2=" " tag="852"><subfield code="a">77928</subfield></datafield></record></collection>